<?xml version="1.0" encoding="UTF-8"?>
<record xmlns="http://www.loc.gov/MARC21/slim">
   <leader>01887cam a2200349 a 4500</leader>
   <controlfield tag="001">823760</controlfield>
   <controlfield tag="003">NjP</controlfield>
   <controlfield tag="005">20171024104409.0</controlfield>
   <controlfield tag="008">930726q19701979ir a          000 0 ara d</controlfield>
   <datafield tag="024" ind1="7" ind2=" ">
      <subfield code="a">princeton_aco003546</subfield>
      <subfield code="2">local</subfield>
   </datafield>
   <datafield ind1=" " ind2=" " tag="035">
      <subfield code="a">(OCoLC)ocn176224273</subfield>
   </datafield>
   <datafield ind1=" " ind2=" " tag="040">
      <subfield code="a">NjP</subfield>
      <subfield code="c">PUL</subfield>
      <subfield code="d">PUL</subfield>
   </datafield>
   <datafield ind1=" " ind2=" " tag="035">
      <subfield code="a">(OCoLC)176224273</subfield>
   </datafield>
   <datafield ind1=" " ind2=" " tag="035">
      <subfield code="a">(CStRLIN)NJPG93-B40505</subfield>
   </datafield>
   <datafield ind1=" " ind2=" " tag="035">
      <subfield code="9">AEB8729TS</subfield>
   </datafield>
   <datafield ind1=" " ind2=" " tag="035">
      <subfield code="a">(NjP)823760</subfield>
   </datafield>
   <datafield ind1=" " ind2=" " tag="079">
      <subfield code="a">ocm28578907</subfield>
   </datafield>
   <datafield ind1=" " ind2=" " tag="049">
      <subfield code="a">PULL</subfield>
   </datafield>
   <datafield ind1="0" ind2="0" tag="245">
      <subfield code="6">880-01</subfield>
      <subfield code="a">Ḥadīth al-Imām al-Sayyid Sharīʻat madārī maʻa al-muftī al-ʻāmm lil-Jumhūrīyah al-ʻArabīyah al-Sūrīyah wa-wafd Rābiṭat al-ʻĀlam al-Islāmī.</subfield>
   </datafield>
   <datafield ind1=" " ind2=" " tag="260">
      <subfield code="6">880-02</subfield>
      <subfield code="a">Qum, Īrān :</subfield>
      <subfield code="b">al-Qism al-ʻArabī fī Dār al-Tablīgh al-Islāmī,</subfield>
      <subfield code="c">[197-?]</subfield>
   </datafield>
   <datafield ind1=" " ind2=" " tag="300">
      <subfield code="a">45 p. :</subfield>
      <subfield code="b">ill. ;</subfield>
      <subfield code="c">24 cm.</subfield>
   </datafield>
   <datafield ind1=" " ind2="0" tag="440">
      <subfield code="6">880-03</subfield>
      <subfield code="a">Fī ṭarīq al-waḥdah al-Islāmīyah ;</subfield>
      <subfield code="v">3</subfield>
   </datafield>
   <datafield ind1=" " ind2=" " tag="500">
      <subfield code="a">Title from cover: Ziyārat al-muftī al-ʻāmm lil-diyār al-Shāmīyah wa-wafd Rābiṭat al-ʻĀlam al-Islāmī lil-Jāmiʻah al-ʻIlmīyah fī Qum al-muqaddasah.</subfield>
   </datafield>
   <datafield ind1=" " ind2="0" tag="650">
      <subfield code="a">Shīʻah</subfield>
      <subfield code="x">Relations.</subfield>
      <subfield code="0">http://id.loc.gov/authorities/subjects/sh2012000823</subfield>
   </datafield>
   <datafield ind1=" " ind2="0" tag="650">
      <subfield code="a">Panislamism</subfield>
      <subfield code="x">Miscellanea.</subfield>
   </datafield>
   <datafield ind1="0" ind2=" " tag="740">
      <subfield code="a">Ziyārat al-muftī al-ʻāmm lil-diyār al-Shāmīyah wa-wafd Rābiṭat al-ʻĀlam al-Islāmī lil-Jāmiʻah al-ʻIlmīyah fī Qum al-muqaddasah.</subfield>
   </datafield>
   <datafield ind1="0" ind2="0" tag="880">
      <subfield code="6">245-01/r</subfield>
      <subfield code="a">حديث الامام السيد شريعة مداري مع المفتي العام للجمهورية العربية السورية ووفد رابطة العالم الاسلامي.</subfield>
   </datafield>
   <datafield ind1=" " ind2=" " tag="880">
      <subfield code="6">260-02/r</subfield>
      <subfield code="a">قم، ايران :</subfield>
      <subfield code="b">القسم العربي في دار التبليغ الاسلامي،</subfield>
      <subfield code="c">[197-؟]</subfield>
   </datafield>
   <datafield ind1=" " ind2="0" tag="880">
      <subfield code="6">440-03/r</subfield>
      <subfield code="a">في طريق الوحدة الاسلامية ؛</subfield>
      <subfield code="v">3</subfield>
   </datafield>
   <datafield ind1=" " ind2=" " tag="998">
      <subfield code="a">07/26/93</subfield>
      <subfield code="s">9114</subfield>
      <subfield code="n">NjP</subfield>
      <subfield code="d">07/26/93</subfield>
      <subfield code="c">JEB</subfield>
      <subfield code="b">JEB</subfield>
      <subfield code="i">930726</subfield>
      <subfield code="l">NJPG</subfield>
   </datafield>
   <datafield ind1=" " ind2=" " tag="911">
      <subfield code="a">19930805</subfield>
   </datafield>
   <datafield ind1=" " ind2=" " tag="912">
      <subfield code="a">19930726000000.0</subfield>
   </datafield>
   <datafield ind1=" " ind2=" " tag="994">
      <subfield code="a">C0</subfield>
      <subfield code="b">PUL</subfield>
   </datafield>
   <datafield ind1=" " ind2=" " tag="999">
      <subfield code="a">823760</subfield>
   </datafield>
   <datafield ind1="0" ind2="0" tag="852">
      <subfield code="0">936631</subfield>
      <subfield code="b">rcppa</subfield>
      <subfield code="t">1</subfield>
      <subfield code="h">BP194.15</subfield>
      <subfield code="i">.H324 1970z</subfield>
      <subfield code="x">tr fr arab</subfield>
   </datafield>
   <datafield ind1=" " ind2=" " tag="959">
      <subfield code="a">2000-06-13 00:00:00 -0400</subfield>
   </datafield>
</record>
